<?xml version="1.0" encoding="UTF-8"?><collection xmlns="http://www.loc.gov/MARC21/slim"><record><leader>00559nam--2200181-i-4500</leader><controlfield tag="001">000025729</controlfield><controlfield tag="002">20161230</controlfield><controlfield tag="005">20161230201036</controlfield><controlfield tag="008">060222s1000------------r-----000-0-eng-d</controlfield><datafield ind1=" " ind2=" " tag="020"><subfield code="a">0444998683</subfield></datafield><datafield ind1=" " ind2=" " tag="040"><subfield code="a">IFIN-HH</subfield></datafield><datafield ind1=" " ind2=" " tag="080"><subfield code="a">535.31:681.7</subfield></datafield><datafield ind1="1" ind2=" " tag="100"><subfield code="a">Jurek, Bohumil</subfield></datafield><datafield ind1="1" ind2="0" tag="245"><subfield code="a">Optical surfaces</subfield><subfield code="b">Aspherical optical systems. x-rays optics. reflecting microscopes. reflectors. measurements;</subfield><subfield code="c">Bohumil jurek</subfield></datafield><datafield ind1=" " ind2=" " tag="260"><subfield code="a">NEW YORK</subfield><subfield code="b">Elsevier Scientific Publishing Company</subfield><subfield code="c">1977</subfield></datafield><datafield ind1=" " ind2=" " tag="300"><subfield code="a">217P</subfield></datafield><datafield ind1=" " ind2=" " tag="852"><subfield code="a">45430</subfield><subfield code="c">535</subfield></datafield><datafield ind1=" " ind2=" " tag="CAT"><subfield code="a">Sys</subfield><subfield code="c">20101123</subfield><subfield code="h">100718</subfield></datafield></record></collection>